@book{manning2008introduction,
title={Introduction to Information Retrieval},
author={Manning, C.D. and Raghavan, P. and Sch{\"u}tze, H.},
isbn={9781139472104},
url={https://books.google.com/books?id=t1PoSh4uwVcC},
year={2008},
publisher={Cambridge University Press}
}